@article{LAPENTA2017349,
title = {Exactly energy conserving semi-implicit particle in cell formulation},
journal = {Journal of Computational Physics},
volume = {334},
pages = {349-366},
year = {2017},
issn = {0021-9991},
doi = {https://doi.org/10.1016/j.jcp.2017.01.002},
url = {https://www.sciencedirect.com/science/article/pii/S0021999117300128},
author = {Giovanni Lapenta},
}

@article{kilian_2017,
title={Plasma waves as a benchmark problem},
volume={83},
DOI={10.1017/S0022377817000149},
number={1},
journal={Journal of Plasma Physics},
publisher={Cambridge University Press},
author={Kilian, Patrick and Mu√±oz, Patricio A. and Schreiner, Cedric and Spanier, Felix},
year={2017},
pages={707830101}
}
